<?xml version="1.0" encoding="UTF-8"?><collection xmlns="http://www.loc.gov/MARC21/slim"><record><leader>00405nam--2200133-i-4500</leader><controlfield tag="001">000049466</controlfield><controlfield tag="002">20161230</controlfield><controlfield tag="005">20161230201047</controlfield><controlfield tag="008">060222s1000------------r-----000-0-eng-d</controlfield><datafield ind1=" " ind2=" " tag="080"><subfield code="a">621.38(075.8)</subfield></datafield><datafield ind1=" " ind2=" " tag="100"><subfield code="a">Alekseev,G.E.,Fratkina,M.L. I Meleshkina,L.P</subfield></datafield><datafield ind1=" " ind2=" " tag="245"><subfield code="a">Rukovodstvo k laboratornymi rabotam po osnovam promyshlennoi elektroniki</subfield></datafield><datafield ind1=" " ind2=" " tag="260"><subfield code="a">Moskva, Vysshaia Shkkola, 1977. 253 C</subfield></datafield><datafield ind1=" " ind2=" " tag="852"><subfield code="a">45797</subfield></datafield></record></collection>